02RETORNO01COBRANCA       011100123450        Teste de Retorno              341BANCO ITAU S.A.22081301600BPI00112210613                                                                                                                                                                                                                                                                                   000001
10209361352000321017700653730                                 00231327            109002313270             I062006131A        00231327            000000000000003897500130272000000000000333                          000000000001000000000000190000000017645000000002099700000123123120000000000018   2106130000      0000000000000                                                                    B2000002
9201341          0000000000000000000000                  0000000000000000000000                                                                                                  0000000000000000000000        001120000000400000000189576                                                                                                                                                                000003
