02RETORNO01COBRANCA       482600074272        F E COSTA MIRANDA             341BANCO ITAU S.A.01041301600BPI00266020413                                                                                                                                                                                                                                                                                   000001
10209387410000101482600074272                                 00015107            198000151072             I062803130041133   00015107            000000000000003600000116402  000000000029000000000000000000000000000000000000000000000000000000000000013000000000002271000000000000000000000000000   02041300000000000000000000000                                                                    B5000002
9201341          000000000000000000000000000000          000000000000000000000000000000                                                  000000000000000000000000000000          000000000000000000000000000000002660000009600000003333800                                                                                                                                                                000098
